<record><leader>00000cas a22000007a 4500</leader><controlfield tag="001">19070506</controlfield><controlfield tag="008">890126d19011953nyuwr ne      0    0eng d</controlfield><datafield ind1=" " ind2=" " tag="010"><subfield code="a">sn 89071101 </subfield></datafield><datafield ind1=" " ind2=" " tag="040"><subfield code="a">NYG</subfield><subfield code="b">eng</subfield><subfield code="c">NYG</subfield><subfield code="d">NYS</subfield><subfield code="d">NYG</subfield><subfield code="d">NYS</subfield><subfield code="d">OCLCQ</subfield><subfield code="d">OCLCF</subfield><subfield code="d">OCLCO</subfield></datafield><datafield ind1=" " ind2=" " tag="042"><subfield code="a">msc</subfield></datafield><datafield ind1=" " ind2=" " tag="043"><subfield code="a">n-us-ny</subfield></datafield><datafield ind1="0" ind2="0" tag="245"><subfield code="a">Thousand Island sun.</subfield></datafield><datafield ind1="3" ind2="0" tag="246"><subfield code="a">Thousand Islands sun</subfield></datafield><datafield ind1=" " ind2=" " tag="260"><subfield code="a">Alexandria Bay, N.Y. :</subfield><subfield code="b">F. Howard Scott,</subfield><subfield code="c">-1953.</subfield></datafield><datafield ind1=" " ind2=" " tag="300"><subfield code="a">v.</subfield></datafield><datafield ind1=" " ind2=" " tag="310"><subfield code="a">Weekly</subfield></datafield><datafield ind1="1" ind2=" " tag="362"><subfield code="a">Began with Apr. 17, 1901 issue?</subfield></datafield><datafield ind1="0" ind2=" " tag="362"><subfield code="a">-v. 52, no. 50 (Mar. 12, 1953).</subfield></datafield><datafield ind1=" " ind2=" " tag="500"><subfield code="a">Published as: Thousand Islands sun, &lt;Apr. 7, 1910&gt;-Mar. 12, 1953.</subfield></datafield><datafield ind1=" " ind2=" " tag="588"><subfield code="a">Description based on: Vol. 6, no. 4 (May 10, 1906).</subfield></datafield><datafield ind1=" " ind2="0" tag="651"><subfield code="a">Alexandria Bay (N.Y.)</subfield><subfield code="v">Newspapers.</subfield></datafield><datafield ind1=" " ind2="0" tag="651"><subfield code="a">Jefferson County (N.Y.)</subfield><subfield code="v">Newspapers.</subfield></datafield><datafield ind1=" " ind2="7" tag="655"><subfield code="a">Newspapers.</subfield><subfield code="2">fast</subfield><subfield code="0">(OCoLC)fst01423814</subfield></datafield><datafield ind1=" " ind2="7" tag="651"><subfield code="a">New York (State)</subfield><subfield code="z">Alexandria Bay.</subfield><subfield code="2">fast</subfield><subfield code="0">(OCoLC)fst01256054</subfield></datafield><datafield ind1=" " ind2="7" tag="651"><subfield code="a">New York (State)</subfield><subfield code="z">Jefferson County.</subfield><subfield code="2">fast</subfield><subfield code="0">(OCoLC)fst01209430</subfield></datafield><datafield ind1=" " ind2=" " tag="752"><subfield code="a">United States</subfield><subfield code="b">New York</subfield><subfield code="c">Jefferson</subfield><subfield code="d">Alexandria Bay.</subfield></datafield><datafield ind1="0" ind2="7" tag="785"><subfield code="t">On the St. Lawrence (Carthage, N.Y.)</subfield><subfield code="w">(DLC)sn 94057711</subfield><subfield code="w">(OCoLC)29960872</subfield></datafield><datafield ind1="0" ind2="7" tag="785"><subfield code="t">Thousand Islands sun and On the St. Lawrence</subfield><subfield code="w">(DLC)sn 92061731</subfield><subfield code="w">(OCoLC)25104593</subfield></datafield></record>